@misc{metacoq,
  author = {Abhishek Anand et al.},
  title = {MetaCoq},
  publisher = {GitHub},
  year = {2024},
  journal = {GitHub repository},
  howpublished = {\url{https://github.com/MetaCoq/metacoq}},
}

@misc{wikidebruijn,
author = "{Wikipedia contributors}",
title = "De Bruijn index --- {Wikipedia}{,} The Free Encyclopedia",
year = "2024",
url = "https://en.wikipedia.org/w/index.php?title=De_Bruijn_index&oldid=1208839602",
note = "[Online; accessed 6-June-2024]"
}
